<record><leader>00000cas a22000007a 4500</leader><controlfield tag="001">15725531</controlfield><controlfield tag="008">870522c198u9999orumr ne      0   a0eng d</controlfield><datafield ind1=" " ind2=" " tag="010"><subfield code="a">sn 87008462 </subfield></datafield><datafield ind1=" " ind2=" " tag="040"><subfield code="a">NSD</subfield><subfield code="b">eng</subfield><subfield code="c">NSD</subfield><subfield code="d">OCLCQ</subfield></datafield><datafield ind1=" " ind2=" " tag="012"><subfield code="l">1</subfield></datafield><datafield ind1=" " ind2=" " tag="019"><subfield code="a">33908913</subfield></datafield><datafield ind1="1" ind2=" " tag="022"><subfield code="a">0893-9969</subfield><subfield code="l">0893-9969</subfield><subfield code="2">1</subfield></datafield><datafield ind1=" " ind2=" " tag="037"><subfield code="b">West Side, THR Communications, P.O. Box 5027, Salem, OR 97304</subfield></datafield><datafield ind1=" " ind2=" " tag="042"><subfield code="a">nsdp</subfield></datafield><datafield ind1=" " ind2="0" tag="222"><subfield code="a">West side</subfield></datafield><datafield ind1="0" ind2="0" tag="245"><subfield code="a">West side.</subfield></datafield><datafield ind1=" " ind2=" " tag="260"><subfield code="a">Salem, OR :</subfield><subfield code="b">TRH Communications</subfield></datafield><datafield ind1=" " ind2=" " tag="310"><subfield code="a">Monthly</subfield></datafield><datafield ind1=" " ind2=" " tag="588"><subfield code="a">Description based on: Vol. 1, no. 4 (May 1987).</subfield></datafield><datafield ind1=" " ind2=" " tag="752"><subfield code="a">United States</subfield><subfield code="b">Oregon</subfield><subfield code="c">Polk.</subfield></datafield><datafield ind1=" " ind2=" " tag="752"><subfield code="a">United States</subfield><subfield code="b">Oregon</subfield><subfield code="c">Marion</subfield><subfield code="d">Salem.</subfield></datafield><datafield ind1="1" ind2=" " tag="029"><subfield code="a">AU@</subfield><subfield code="b">000025795964</subfield></datafield></record>